

@article{schleicher2010biphase,
  title={A biphase modulator circuit for impulse radio-UWB applications},
  author={Schleicher, Bernd and Ulusoy, {\c{C}}agri A and Schumacher, Hermann},
  journal={IEEE microwave and wireless components letters},
  volume={20},
  number={2},
  pages={115--117},
  year={2010},
  publisher={IEEE}
}

@inproceedings{trotta200779ghz,
  title={A 79GHz SiGe-bipolar spread-spectrum TX for automotive radar},
  author={Trotta, Saverio and Knapp, Herbert and Dibra, Donald and Aufinger, Klaus and Meister, Thomas F and Bock, Josef and Simburger, Werner and Scholtz, Arpad L},
  booktitle={Solid-State Circuits Conference, 2007. ISSCC 2007. Digest of Technical Papers. IEEE International},
  pages={430--613},
  year={2007},
  organization={IEEE}
}

@article{ng2014fully,
  title={A fully-integrated 77-GHz UWB pseudo-random noise radar transceiver with a programmable sequence generator in SiGe technology},
  author={Ng, Herman Jalli and Feger, Reinhard and Stelzer, Andreas},
  journal={IEEE Transactions on Circuits and Systems I: Regular Papers},
  volume={61},
  number={8},
  pages={2444--2455},
  year={2014},
  publisher={IEEE}
}

@book{Razavi:2011:RM:2132691,
 author = {Razavi, Behzad},
 title = {RF Microelectronics (2Nd Edition) (Prentice Hall Communications Engineering and Emerging Technologies Series)},
 year = {2011},
 isbn = {0137134738, 9780137134731},
 edition = {2nd},
 publisher = {Prentice Hall Press},
 address = {Upper Saddle River, NJ, USA},
}

@book{gonzalez2007foundations,
  title={Foundations of Oscillator Circuit Design},
  author={Gonzalez, G.},
  isbn={9781596931626},
  lccn={2006052654},
  series={Artech House microwave library},
  url={https://books.google.ca/books?id=YyBTAAAAMAAJ},
  year={2007},
  publisher={Artech House}
}